%% This BibTeX bibliography file was created using BibDesk.
%% http://bibdesk.sourceforge.net/


%% Created for Philip Sakievich at 2017-06-14 11:38:28 -0700 


%% Saved with string encoding Unicode (UTF-8) 



@inproceedings{malkus1954heat,
	Author = {Malkus, Willem VR},
	Booktitle = {Proceedings of the Royal Society of London A: Mathematical, Physical and Engineering Sciences},
	Date-Added = {2017-06-14 18:20:53 +0000},
	Date-Modified = {2017-06-14 18:20:53 +0000},
	Number = {1161},
	Organization = {The Royal Society},
	Pages = {196--212},
	Title = {The heat transport and spectrum of thermal turbulence},
	Volume = {225},
	Year = {1954}}

@inproceedings{malkus1954discrete,
	Author = {Malkus, WILLEM VR},
	Booktitle = {Proceedings of the Royal Society of London A: Mathematical, Physical and Engineering Sciences},
	Date-Added = {2017-06-14 18:19:52 +0000},
	Date-Modified = {2017-06-14 18:19:52 +0000},
	Number = {1161},
	Organization = {The Royal Society},
	Pages = {185--195},
	Title = {Discrete transitions in turbulent convection},
	Volume = {225},
	Year = {1954}}

@techreport{carati1996ensemble,
	Author = {D. Carati and A. Wray and W. Cabot},
	Date-Added = {2017-06-14 06:36:07 +0000},
	Date-Modified = {2017-06-14 06:36:07 +0000},
	Pages = {237--248},
	Title = {Ensemble averaged dynamic modeling},
	Type = {{Center for Turbulent Research, Proceedings of the Summer Program}},
	Year = {1996}}

@article{coleman2000numerical,
	Author = {G. N. Coleman and J. Kim and P. R. Spalart},
	Date-Added = {2017-06-14 06:36:02 +0000},
	Date-Modified = {2017-06-14 06:36:02 +0000},
	Journal = {Journal of Fluid Mechanics},
	Pages = {025112},
	Publisher = {Cambridge Univ Press},
	Title = {A numerical study of strained three-dimensional wallbounded turbulence},
	Volume = {417},
	Year = {2000}}

@article{deardorff1970convective,
	Author = {Deardorff, James W},
	Date-Added = {2017-06-14 06:34:35 +0000},
	Date-Modified = {2017-06-14 06:34:35 +0000},
	Journal = {Journal of the Atmospheric Sciences},
	Number = {8},
	Pages = {1211--1213},
	Title = {Convective velocity and temperature scales for the unstable planetary boundary layer and for Rayleigh convection},
	Volume = {27},
	Year = {1970}}

@article{castaing1989scaling,
	Author = {Castaing, Bernard and Gunaratne, Gemunu and Heslot, Fran{\c{c}}ois and Kadanoff, Leo and Libchaber, Albert and Thomae, Stefan and Wu, Xiao-Zhong and Zaleski, St{\'e}phane and Zanetti, Gianluigi},
	Date-Added = {2017-06-14 05:35:20 +0000},
	Date-Modified = {2017-06-14 05:35:20 +0000},
	Journal = {Journal of Fluid Mechanics},
	Pages = {1--30},
	Publisher = {Cambridge Univ Press},
	Title = {Scaling of hard thermal turbulence in Rayleigh-B{\'e}nard convection},
	Volume = {204},
	Year = {1989}}

@article{ahlers2017ultimate,
	Author = {Ahlers, Guenter and Bodenschatz, Eberhard and He, Xiaozhou},
	Date-Added = {2017-06-14 04:49:50 +0000},
	Date-Modified = {2017-06-14 04:49:50 +0000},
	Journal = {Physical Review Fluids},
	Number = {5},
	Pages = {054603},
	Publisher = {APS},
	Title = {Ultimate-state transition of turbulent Rayleigh-B{\'e}nard convection},
	Volume = {2},
	Year = {2017}}

@article{schumacher2016transitional,
	Author = {Schumacher, J{\"o}rg and Bandaru, Vinodh and Pandey, Ambrish and Scheel, Janet D},
	Date-Added = {2017-06-14 04:42:54 +0000},
	Date-Modified = {2017-06-14 04:42:54 +0000},
	Journal = {Physical Review Fluids},
	Number = {8},
	Pages = {084402},
	Publisher = {APS},
	Title = {Transitional boundary layers in low-Prandtl-number convection},
	Volume = {1},
	Year = {2016}}

@inproceedings{stevens2016superstructures,
	Author = {Stevens, Richard and Verzicco, Roberto and Lohse, Detlef},
	Booktitle = {APS Meeting Abstracts},
	Date-Added = {2017-06-14 00:27:10 +0000},
	Date-Modified = {2017-06-14 00:27:10 +0000},
	Title = {Superstructures in Rayleigh-Benard convection},
	Year = {2016}}

@article{ahlers2009heat,
	Author = {Ahlers, Guenter and Grossmann, Siegfried and Lohse, Detlef},
	Date-Added = {2017-06-13 23:39:08 +0000},
	Date-Modified = {2017-06-13 23:39:08 +0000},
	Journal = {Reviews of modern physics},
	Number = {2},
	Pages = {503},
	Publisher = {APS},
	Title = {Heat transfer and large scale dynamics in turbulent Rayleigh-B{\'e}nard convection},
	Volume = {81},
	Year = {2009}}

@article{bodenschatz2000recent,
	Author = {Bodenschatz, Eberhard and Pesch, Werner and Ahlers, Guenter},
	Date-Added = {2017-06-13 23:38:02 +0000},
	Date-Modified = {2017-06-13 23:38:02 +0000},
	Journal = {Annual review of fluid mechanics},
	Number = {1},
	Pages = {709--778},
	Publisher = {Annual Reviews 4139 El Camino Way, PO Box 10139, Palo Alto, CA 94303-0139, USA},
	Title = {Recent developments in Rayleigh-B{\'e}nard convection},
	Volume = {32},
	Year = {2000}}

@article{zocchi1990coherent,
	Author = {Zocchi, G. and Moses, E. and Libchaber, A.},
	Date-Added = {2017-06-13 23:25:02 +0000},
	Date-Modified = {2017-06-13 23:25:02 +0000},
	Journal = {Physica A},
	Pages = {387-407},
	Title = {Coherent structures in turbulent convection, an experimental study},
	Volume = {166},
	Year = {1990}}

@article{krishnamurti1981large,
	Author = {Krishnamurti, Ruby and Howard, Louis N},
	Date-Added = {2017-06-13 23:17:03 +0000},
	Date-Modified = {2017-06-13 23:17:03 +0000},
	Journal = {Proceedings of the National Academy of Sciences},
	Number = {4},
	Publisher = {National Acad Sciences},
	Title = {Large-scale flow generation in turbulent convection},
	Volume = {78},
	Year = {1981}}

@article{adrian1986turbulent,
	Author = {Adrian, R. J. and Ferreira, R. T. D. S. and Boberg, T.},
	Date-Added = {2017-06-13 23:15:51 +0000},
	Date-Modified = {2017-06-13 23:15:51 +0000},
	Journal = {Experiments in Fluids},
	Pages = {121-141},
	Title = {Turbulent thermal convection in wide horizontal fluid layers},
	Volume = {4},
	Year = {1986}}

@article{busse1978non,
	Author = {Busse, FH},
	Date-Added = {2017-06-13 23:14:27 +0000},
	Date-Modified = {2017-06-13 23:14:27 +0000},
	Journal = {Reports on Progress in Physics},
	Number = {12},
	Pages = {1929},
	Publisher = {IOP Publishing},
	Title = {Non-linear properties of thermal convection},
	Volume = {41},
	Year = {1978}}

@article{willis1970oscillatory,
	Author = {Willis, GE and Deardorff, JW},
	Date-Added = {2017-06-13 23:12:19 +0000},
	Date-Modified = {2017-06-13 23:12:19 +0000},
	Journal = {Journal of Fluid Mechanics},
	Number = {4},
	Pages = {661--672},
	Publisher = {Cambridge University Press},
	Title = {The oscillatory motions of Rayleigh convection},
	Volume = {44},
	Year = {1970}}

@article{fitzjarrald1976experimental,
	Author = {Fitzjarrald, Daniel E},
	Date-Added = {2017-06-13 23:08:39 +0000},
	Date-Modified = {2017-06-13 23:08:39 +0000},
	Journal = {Journal of Fluid Mechanics},
	Number = {04},
	Pages = {693--719},
	Publisher = {Cambridge Univ Press},
	Title = {An experimental study of turbulent convection in air},
	Volume = {73},
	Year = {1976}}

@article{garon1973velocity,
	Author = {Garon, AM and Goldstein, RJ},
	Date-Added = {2017-06-13 23:07:34 +0000},
	Date-Modified = {2017-06-13 23:07:34 +0000},
	Journal = {The Physics of Fluids},
	Number = {11},
	Pages = {1818--1825},
	Publisher = {AIP},
	Title = {Velocity and heat transfer measurements in thermal convection},
	Volume = {16},
	Year = {1973}}

@article{chu1973turbulent,
	Author = {Chu, TY and Goldstein, RJ},
	Date-Added = {2017-06-13 23:06:05 +0000},
	Date-Modified = {2017-06-13 23:06:05 +0000},
	Journal = {Journal of Fluid Mechanics},
	Number = {01},
	Pages = {141--159},
	Publisher = {Cambridge Univ Press},
	Title = {Turbulent convection in a horizontal layer of water},
	Volume = {60},
	Year = {1973}}

@article{bailon2010aspect,
	Author = {Bailon-Cuba, J. and Emran,M. S. and Schumacher,J.},
	Date-Added = {2017-06-13 21:11:50 +0000},
	Date-Modified = {2017-06-13 21:11:50 +0000},
	Doi = {10.1017/S0022112010000820},
	Issn = {1469-7645},
	Journal = {Journal of Fluid Mechanics},
	Month = {7},
	Numpages = {22},
	Pages = {152--173},
	Title = {Aspect ratio dependence of heat transfer and large-scale flow in turbulent convection},
	Volume = {655},
	Year = {2010},
	Bdsk-Url-1 = {http://journals.cambridge.org/article_S0022112010000820},
	Bdsk-Url-2 = {http://dx.doi.org/10.1017/S0022112010000820}}

@article{mishra2011dynamics,
	Author = {Mishra, Pankaj Kumar and De, AK and Verma, Mahendra K and Eswaran, V},
	Date-Added = {2017-06-13 21:11:34 +0000},
	Date-Modified = {2017-06-13 21:11:34 +0000},
	Journal = {Journal of Fluid Mechanics},
	Pages = {480--499},
	Publisher = {Cambridge Univ Press},
	Title = {Dynamics of reorientations and reversals of large-scale flow in Rayleigh--B{\'e}nard convection},
	Volume = {668},
	Year = {2011}}

@article{brown2005reorientation,
	Author = {Brown, E. and Nikolaenko, A. and Ahlers, G.},
	Date-Added = {2017-06-13 21:11:23 +0000},
	Date-Modified = {2017-06-13 21:11:23 +0000},
	Journal = {Physical Review Letters},
	Number = {084503},
	Title = {Reorientation of the Large-Scale Circulations in Turbulent Rayleigh-Benard Convection},
	Volume = {95},
	Year = {2005}}

@article{balakumar2007large,
	Author = {Balakumar, BJ and Adrian, RJ},
	Date-Added = {2017-06-13 21:11:18 +0000},
	Date-Modified = {2017-06-13 21:11:18 +0000},
	Journal = {Philosophical Transactions of the Royal Society of London A: Mathematical, Physical and Engineering Sciences},
	Number = {1852},
	Pages = {665--681},
	Publisher = {The Royal Society},
	Title = {Large-and very-large-scale motions in channel and boundary-layer flows},
	Volume = {365},
	Year = {2007}}

@article{kim1999very,
	Author = {Kim, KC and Adrian, RJ},
	Date-Added = {2017-06-13 21:11:07 +0000},
	Date-Modified = {2017-06-13 21:11:07 +0000},
	Journal = {Physics of Fluids},
	Number = {2},
	Pages = {417--422},
	Publisher = {AIP Publishing},
	Title = {Very large-scale motion in the outer layer},
	Volume = {11},
	Year = {1999}}

@article{sakievich2016large,
	Author = {Sakievich, PJ and Peet, YT and Adrian, RJ},
	Date-Added = {2017-06-13 20:58:08 +0000},
	Date-Modified = {2017-06-13 20:58:08 +0000},
	Journal = {International Journal of Heat and Fluid Flow},
	Pages = {183--196},
	Publisher = {Elsevier},
	Title = {Large-scale thermal motions of turbulent Rayleigh--B{\'e}nard convection in a wide aspect-ratio cylindrical domain},
	Volume = {61},
	Year = {2016}}

@article{fischer2008nek5000,
	Author = {Fischer, Paul F and Lottes, James W and Kerkemeier, Stefan G},
	Date-Added = {2017-06-13 20:57:07 +0000},
	Date-Modified = {2017-06-13 20:57:07 +0000},
	Journal = {Web page: http://nek5000. mcs. anl. gov},
	Title = {nek5000 Web page},
	Year = {2008}}

@article{dupuits2007breakdown,
	Author = {du Puits, Ronald and Resagk, Christian and Thess, Andr{\'e}},
	Date-Added = {2017-06-13 20:57:02 +0000},
	Date-Modified = {2017-06-13 20:57:02 +0000},
	Journal = {Physical Review E},
	Number = {1},
	Pages = {016302},
	Publisher = {APS},
	Title = {Breakdown of wind in turbulent thermal convection},
	Volume = {75},
	Year = {2007}}

@article{fernandes2002scaling,
	Author = {Fernandes, R. L. and Adrian, R. J.},
	Date-Added = {2017-06-13 20:56:57 +0000},
	Date-Modified = {2017-06-13 20:56:57 +0000},
	Journal = {Exp. Thermal Fluid Science},
	Pages = {355--360},
	Publisher = {Science Direct},
	Title = {Scaling of velocity and temperature fluctuations in turbulent thermal convection},
	Volume = {26},
	Year = {2002}}

@phdthesis{fernandes2001spatial,
	Address = {Urbana, IL},
	Author = {Fernandes, R. L.},
	Date-Added = {2017-06-13 20:56:45 +0000},
	Date-Modified = {2017-06-13 20:56:45 +0000},
	School = {University of Illinois},
	Title = {The spatial structure of turbulent Rayleigh-Benard convection},
	Year = {2001}}

@article{kraichnan1962turbulent,
	Author = {Kraichnan, Robert H},
	Date-Added = {2017-06-13 19:00:59 +0000},
	Date-Modified = {2017-06-13 19:00:59 +0000},
	Journal = {The Physics of Fluids},
	Number = {11},
	Pages = {1374--1389},
	Publisher = {AIP},
	Title = {Turbulent thermal convection at arbitrary Prandtl number},
	Volume = {5},
	Year = {1962}}

@article{grossmann2004fluctuations,
	Author = {Grossmann, Siegfried and Lohse, Detlef},
	Date-Added = {2017-06-13 18:21:21 +0000},
	Date-Modified = {2017-06-13 18:21:21 +0000},
	Journal = {Physics of Fluids},
	Number = {12},
	Pages = {4462--4472},
	Publisher = {AIP},
	Title = {Fluctuations in turbulent Rayleigh--B{\'e}nard convection: the role of plumes},
	Volume = {16},
	Year = {2004}}

@article{grossmann2003geometry,
	Author = {Grossmann, Siegfried and Lohse, Detlef},
	Date-Added = {2017-06-13 18:20:41 +0000},
	Date-Modified = {2017-06-13 18:20:41 +0000},
	Journal = {Journal of Fluid Mechanics},
	Pages = {105--114},
	Publisher = {Cambridge Univ Press},
	Title = {On geometry effects in Rayleigh--B{\'e}nard convection},
	Volume = {486},
	Year = {2003}}

@article{stevens2013unifying,
	Author = {Stevens, Richard JAM and van der Poel, Erwin P and Grossmann, Siegfried and Lohse, Detlef},
	Date-Added = {2017-06-13 18:11:22 +0000},
	Date-Modified = {2017-06-13 18:11:22 +0000},
	Journal = {Journal of fluid mechanics},
	Pages = {295--308},
	Publisher = {Cambridge Univ Press},
	Title = {The unifying theory of scaling in thermal convection: the updated prefactors},
	Volume = {730},
	Year = {2013}}

@article{grossmann2002prandtl,
	Author = {Grossmann, Siegfried and Lohse, Detlef},
	Date-Added = {2017-06-13 18:10:27 +0000},
	Date-Modified = {2017-06-13 18:10:27 +0000},
	Journal = {Physical Review E},
	Number = {1},
	Pages = {016305},
	Publisher = {APS},
	Title = {Prandtl and Rayleigh number dependence of the Reynolds number in turbulent thermal convection},
	Volume = {66},
	Year = {2002}}

@article{grossmann2001thermal,
	Author = {Grossmann, Siegfried and Lohse, Detlef},
	Date-Added = {2017-06-13 18:10:07 +0000},
	Date-Modified = {2017-06-13 18:10:07 +0000},
	Journal = {Physical Review Letters},
	Number = {15},
	Pages = {3316},
	Publisher = {APS},
	Title = {Thermal convection for large Prandtl numbers},
	Volume = {86},
	Year = {2001}}

@article{grossmann2000scaling,
	Author = {Grossmann, Siegfried and Lohse, Detlef},
	Date-Added = {2017-06-13 18:09:42 +0000},
	Date-Modified = {2017-06-13 18:09:42 +0000},
	Journal = {Journal of Fluid Mechanics},
	Pages = {27--56},
	Publisher = {Cambridge Univ Press},
	Title = {Scaling in thermal convection: a unifying theory},
	Volume = {407},
	Year = {2000}}

@article{busse1971instabilities,
	Author = {Busse, F He and Whitehead, JA},
	Date-Added = {2017-06-12 19:32:07 +0000},
	Date-Modified = {2017-06-12 19:32:07 +0000},
	Journal = {Journal of Fluid Mechanics},
	Number = {02},
	Pages = {305--320},
	Publisher = {Cambridge Univ Press},
	Title = {Instabilities of convection rolls in a high Prandtl number fluid},
	Volume = {47},
	Year = {1971}}

@article{busse1974oscillatory,
	Author = {Busse, FH and Whitehead, JA},
	Date-Added = {2017-06-12 19:31:21 +0000},
	Date-Modified = {2017-06-12 19:31:21 +0000},
	Journal = {Journal of Fluid Mechanics},
	Number = {01},
	Pages = {67--79},
	Publisher = {Cambridge Univ Press},
	Title = {Oscillatory and collective instabilities in large Prandtl number convection},
	Volume = {66},
	Year = {1974}}
